@book{andreescuEssentialLinearAlgebra2014,
  title = {Essential {{Linear Algebra}} with {{Applications}}: {{A Problem-Solving Approach}}},
  shorttitle = {Essential {{Linear Algebra}} with {{Applications}}},
  author = {Andreescu, Titu},
  date = {2014},
  publisher = {{Springer New York}},
  location = {{New York, NY}},
  doi = {10.1007/978-0-8176-4636-3},
  url = {https://link.springer.com/10.1007/978-0-8176-4636-3},
  urldate = {2023-04-07},
  isbn = {978-0-8176-4360-7 978-0-8176-4636-3},
  langid = {english},
  file = {/Users/Lenin/Zotero/storage/SXY3JGZH/Andreescu - 2014 - Essential Linear Algebra with Applications A Prob.pdf}
}
